@inproceedings{Barakat2004,
  author = {Barakat, C. and Pratt, I.},
  title = {P2P and Overlay},
  booktitle = {Passive and Active Network Measurement: 5th International Workshop, PAM 2004, Antibes Juan-les-Pins, France, April 19-20, 2004, Proceedings},
  volume = {3015},
  pages = {1-33},
  year = {2004},
  address = {Antibes},
  publisher = {Springer},
  note = {URL \url{https://books.google.sk/books?id=LZD1BwAAQBAJ&pg=PA1#v=onepage&q&f=false}}
}

@book{Bauwens2019,
  author = {Bauwens, M. and Kostakis, V. and Pazaitis, A.},
  title = {Peer to Peer: The Commons Manifesto},
  year = {2019},
  publisher = {University of Westminster Press},
  address = {London},
  note = {URL \url{https://library.oapen.org/handle/20.500.12657/25288}}
}

@misc{Chokkalingam2004,
  author = {Chokkalingam, A. and Riyaz, F.},
  title = {BitTorrent Protocol Specification V 1.0},
  year = {2004},
  note = {URL \url{https://www.academia.edu/1032175/BitTorrent_Protocol_Specification_V_1_0}}
}

@article{Lande2008,
  author = {Lande, D.},
  title = {P2P — по секрету всему свету... О пиринговых сетях [P2P - důvěrně světu... O sítích Peer-to-Peer]},
  journal = {Сети и бизнес [Sítě a podnikání]},
  number = {2},
  volume = {39},
  pages = {104-110},
  month = {Květen},
  year = {2008},
  note = {URL \url{http://dwl.kiev.ua/art/p2p/p2p-end.pdf}}
}

@misc{Legout2005,
  author = {Legout, A. and Urvoy-Keller, G. and Michiardi, P.},
  title = {Understanding BitTorrent: An Experimental Perspective},
  note = {URL \url{https://inria.hal.science/inria-00000156/document}},
  day = {9},
  month = {11},
  year = {2005}
}

@article{Lui2002,
  author = {Lui, S. M. and Kwok, S. H.},
  title = {Interoperability of Peer-To-Peer File Sharing Protocols},
  journal = {ACM SIGecom Exchanges},
  pages = {25-33},
  month = {Srpen},
  year = {2002},
  note = {URL \url{https://www.researchgate.net/publication/220553583_Interoperability_of_peer-to-peer_file_sharing_protocols}}
}

@inbook{Radchenko2012,
  author = {Radčenko, G. I.},
  title = {Распределенные вычислительные системы [Distribuované výpočetní systémy]},
  chapter = {Технологии одноранговых сетей [Technologie Peer-to-Peer sítí]},
  pages = {117-130},
  publisher = {Министерство образования и науки Российской Федерации, Южно-Уральский государственный университет, Кафедра системного программирования [Ministerstvo školství a vědy Ruské federace, Jihouralská státní univerzita, katedra systémového programování]},
  address = {Čeljabinsk},
  year = {2012},
  note = {URL \url{http://ww.w.glebradchenko.ru/doc/Radchenko_Distributed_Computer_Systems.pdf}}
}

@inproceedings{Leong2007,
  author={Leong, Peter and Miao, Chunyan and Lim, Beng Kiat and Lim, Jian Wei and Chen, Clifford and Dianna, Nur and Toh, Wen Bin},
  booktitle={2007 Inaugural IEEE-IES Digital EcoSystems and Technologies Conference}, 
  title={Agent Mediated Peer-to-Peer Mobile Service-Oriented Architecture}, 
  year={2007},
  pages={414-419},
  note = {URL \url{https://ieeexplore.ieee.org/document/4233742}}
}

@inproceedings{Leibnitz2007,
  author={Leibnitz, Kenji and Ho{\ss}feld, Tobias and Wakamiya, Naoki and Murata, Masayuki},
  editor={Mason, Lorne and Drwiega, Tadeusz and Yan, James},
  title={Peer-to-Peer vs. Client/Server: Reliability and Efficiency of a Content Distribution Service},
  booktitle={Managing Traffic Performance in Converged Networks},
  year={2007},
  publisher={Springer Berlin Heidelberg},
  address={Berlin, Heidelberg},
  pages={1161-1172},
  note = {URL \url{https://link.springer.com/chapter/10.1007/978-3-540-72990-7_99}}
}
